@article{Abrahams1979,
  title = {Scaling Theory of Localization: Absence of Quantum Diffusion in Two Dimensions},
  author = {Abrahams, E. and Anderson, P. W. and Licciardello, D. C. and Ramakrishnan, T. V.},
  journal = {Phys. Rev. Lett.},
  volume = {42},
  issue = {10},
  pages = {673--676},
  numpages = {0},
  year = {1979},
  month = {Mar},
  publisher = {American Physical Society},
  doi = {10.1103/PhysRevLett.42.673},
  url = {https://link.aps.org/doi/10.1103/PhysRevLett.42.673}
}

@misc{fischer2021robustness,
      title={Robustness of chiral edge modes in fractals below two dimensions: A case study}, 
      author={Sonja Fischer and Michal van Hooft and Twan van der Meijden and Cristiane Morais Smith and Lars Fritz and Mikael Fremling},
      year={2021},
      eprint={2104.11533},
      archivePrefix={arXiv},
      primaryClass={cond-mat.mes-hall}
}

@article{Fremling2020,
  title = {Existence of robust edge currents in Sierpi\ifmmode \acute{n}\else \'{n}\fi{}ski fractals},
  author = {Fremling, Mikael and van Hooft, Michal and Smith, Cristiane Morais and Fritz, Lars},
  journal = {Phys. Rev. Research},
  volume = {2},
  issue = {1},
  pages = {013044},
  numpages = {5},
  year = {2020},
  month = {Jan},
  publisher = {American Physical Society},
  doi = {10.1103/PhysRevResearch.2.013044},
  url = {https://link.aps.org/doi/10.1103/PhysRevResearch.2.013044}
}


@misc{xu2020shining,
      title={Shining Light on Quantum Transport in Fractal Networks}, 
      author={Xiao-Yun Xu and Xiao-Wei Wang and Dan-Yang Chen and C. Morais Smith and Xian-Min Jin},
      year={2020},
      eprint={2005.13385},
      archivePrefix={arXiv},
      primaryClass={quant-ph}
}

@article{Kempkes2018,
  doi = {10.1038/s41567-018-0328-0},
  url = {https://doi.org/10.1038/s41567-018-0328-0},
  year = {2018},
  month = nov,
  publisher = {Springer Science and Business Media {LLC}},
  volume = {15},
  number = {2},
  pages = {127--131},
  author = {S. N. Kempkes and M. R. Slot and S. E. Freeney and S. J. M. Zevenhuizen and D. Vanmaekelbergh and I. Swart and C. Morais Smith},
  title = {Design and characterization of electrons in a fractal geometry},
  journal = {Nature Physics}
}

@article{Sierpinski1916,
 author = {Sierpiński, Wacław},
 title = {Sur une courbe cantorienne qui contient une image biunivoque et continue de toute courbe donnée},
 journal = {C. R. Acad. Sci. Paris},
 volume ={162},
 pages = {629–632},
 year = {1916}
}

@article{vanVeen2016,
  title = {Quantum transport in Sierpinski carpets},
  author = {van Veen, Edo and Yuan, Shengjun and Katsnelson, Mikhail I. and Polini, Marco and Tomadin, Andrea},
  journal = {Phys. Rev. B},
  volume = {93},
  issue = {11},
  pages = {115428},
  numpages = {5},
  year = {2016},
  month = {Mar},
  publisher = {American Physical Society},
  doi = {10.1103/PhysRevB.93.115428},
  url = {https://link.aps.org/doi/10.1103/PhysRevB.93.115428}
}


@inproceedings{Janaswamy2007,
  doi = {10.1109/aemc.2007.4638046},
  url = {https://doi.org/10.1109/aemc.2007.4638046},
  year = {2007},
  month = dec,
  publisher = {{IEEE}},
  author = {R. Janaswamy},
  title = {Solution of {BVPs} in electrodynamics by stochastic methods},
  booktitle = {2007 {IEEE} Applied Electromagnetics Conference ({AEMC})}
}

@book{Pulliam2014,
  doi = {10.1007/978-3-319-05053-9},
  url = {https://doi.org/10.1007/978-3-319-05053-9},
  year = {2014},
  publisher = {Springer International Publishing},
  author = {Thomas H. Pulliam and David W. Zingg},
  title = {Fundamental Algorithms in Computational Fluid Dynamics}
}

@article{Li2011,
  doi = {10.1088/0256-307x/28/3/034701},
  url = {https://doi.org/10.1088/0256-307x/28/3/034701},
  year = {2011},
  month = mar,
  publisher = {{IOP} Publishing},
  volume = {28},
  number = {3},
  pages = {034701},
  author = {Jian-Hua Li and Bo-Ming Yu},
  title = {Tortuosity of Flow Paths through a Sierpinski Carpet},
  journal = {Chinese Physics Letters}
}

@inproceedings{Hoffmann2010,
author = {Hoffmann, Karl and Hofmann, Michael and Lang, Jens and Rünger, Gudula and Seeger, Steffen},
year = {2010},
month = {05},
pages = {1 - 8},
title = {Simulating anomalous diffusion on graphics processing units},
doi = {10.1109/IPDPSW.2010.5470767}
}

@article{MetzlerKlafter2000,
author = {Metzler, Ralf and Klafter, Joseph},
year = {2000},
month = {12},
pages = {1-77},
title = {The random walk's guide to anomalous diffusion: A fractional dynamics approach},
volume = {339},
journal = {Physics Reports},
doi = {10.1016/S0370-1573(00)00070-3}
}

@article{Guyer1984,
  title = {Diffusion on the Sierpi\ifmmode \acute{n}\else \'{n}\fi{}ski gaskets: A random walker on a fractally structured object},
  author = {Guyer, R. A.},
  journal = {Phys. Rev. A},
  volume = {29},
  issue = {5},
  pages = {2751--2755},
  numpages = {0},
  year = {1984},
  month = {May},
  publisher = {American Physical Society},
  doi = {10.1103/PhysRevA.29.2751},
  url = {https://link.aps.org/doi/10.1103/PhysRevA.29.2751}
}

@article{EduardoRoman1995,
  title = {Structure of random fractals and the probability distribution of random walks},
  author = {Roman, H. Eduardo},
  journal = {Phys. Rev. E},
  volume = {51},
  issue = {6},
  pages = {5422--5425},
  numpages = {0},
  year = {1995},
  month = {Jun},
  publisher = {American Physical Society},
  doi = {10.1103/PhysRevE.51.5422},
  url = {https://link.aps.org/doi/10.1103/PhysRevE.51.5422}
}


@article{FRANZ2000,
  doi = {10.1142/s0218348x00000172},
  url = {https://doi.org/10.1142/s0218348x00000172},
  year = {2000},
  month = jun,
  publisher = {World Scientific Pub Co Pte Lt},
  volume = {08},
  number = {02},
  pages = {155--161},
  author = {ASTRID FRANZ and CHRISTIAN SCHULZKY and STEFFEN SEEGER and KARL HEINZ HOFFMANN},
  title = {{AN} {EFFICIENT} {IMPLEMENTATION} {OF} {THE} {EXACT} {ENUMERATION} {METHOD} {FOR} {RANDOM} {WALKS} {ON} {SIERPINSKI} {CARPETS}},
  journal = {Fractals}
}